<record><leader>00000cas a22000007a 4500</leader><controlfield tag="001">9429937</controlfield><controlfield tag="008">830420d1854185uohuwr ne      0    0eng d</controlfield><datafield ind1=" " ind2=" " tag="010"><subfield code="a">sn 83035068 </subfield></datafield><datafield ind1=" " ind2=" " tag="040"><subfield code="a">NPY</subfield><subfield code="b">eng</subfield><subfield code="c">NPY</subfield><subfield code="d">NPX</subfield><subfield code="d">DLC</subfield><subfield code="d">ONP</subfield><subfield code="d">UBY</subfield><subfield code="d">OCLCF</subfield><subfield code="d">OCLCO</subfield></datafield><datafield ind1="1" ind2=" " tag="029"><subfield code="a">AU@</subfield><subfield code="b">000025837810</subfield></datafield><datafield ind1=" " ind2=" " tag="042"><subfield code="a">msc</subfield></datafield><datafield ind1="0" ind2=" " tag="130"><subfield code="a">Register (Hudson, Ohio : 1854)</subfield></datafield><datafield ind1="0" ind2="4" tag="245"><subfield code="a">The Register.</subfield></datafield><datafield ind1=" " ind2=" " tag="260"><subfield code="a">Hudson, Ohio :</subfield><subfield code="b">Rev. J.C. Hart,</subfield><subfield code="c">1854-</subfield></datafield><datafield ind1=" " ind2=" " tag="300"><subfield code="a">v.</subfield></datafield><datafield ind1=" " ind2=" " tag="310"><subfield code="a">Weekly</subfield></datafield><datafield ind1="0" ind2=" " tag="362"><subfield code="a">No. 1 (Jan. 11, 1854)-</subfield></datafield><datafield ind1=" " ind2=" " tag="500"><subfield code="a">Editor: John C. Hart.</subfield></datafield><datafield ind1=" " ind2=" " tag="580"><subfield code="a">Issued with: Ohio observer (Hudson Ohio : 1840), Jan 11, 1854-Aug. 9, 1854.</subfield></datafield><datafield ind1=" " ind2="0" tag="651"><subfield code="a">Hudson (Ohio)</subfield><subfield code="v">Newspapers.</subfield></datafield><datafield ind1=" " ind2="7" tag="655"><subfield code="a">Newspapers.</subfield><subfield code="2">fast</subfield><subfield code="0">(OCoLC)fst01423814</subfield></datafield><datafield ind1=" " ind2="7" tag="651"><subfield code="a">Ohio</subfield><subfield code="z">Hudson.</subfield><subfield code="2">fast</subfield><subfield code="0">(OCoLC)fst01231298</subfield></datafield><datafield ind1="1" ind2=" " tag="700"><subfield code="a">Hart, John C.</subfield></datafield><datafield ind1=" " ind2=" " tag="752"><subfield code="a">United States</subfield><subfield code="b">Ohio</subfield><subfield code="c">Summit</subfield><subfield code="d">Hudson.</subfield></datafield><datafield ind1="1" ind2=" " tag="777"><subfield code="t">Ohio observer (Hudson, Ohio : 1840)</subfield><subfield code="w">(DLC)sn 83035067</subfield></datafield><datafield ind1="0" ind2="0" tag="780"><subfield code="t">Independent register and family visitor</subfield><subfield code="w">(DLC)sn 85026084</subfield></datafield></record>